@Article{code_saturne,
 author = {EDF R\&D},
 title = {Code\_Saturne: a Finite Volume Code for the Computation of Turbulent
Incompressible Flows},
 journal = {Industrial Applications, International Journal on Finite Volumes},
 year = {2004},
 volume = {1},
 url =
{http://research.edf.com/research-and-the-scientific-community/software/code-
saturne/introduction-code-saturne-80058.html},
}

@Article{dingram,
 author = {David Ingram},
 title = {Developments in {C}artesian cut cell methods},
 journal = {Mathematics and Computers in Simulation},
 year = {2003},
 volume = {61},
 pages = {561--572},
}

@Misc{cgal,
 title = "\textsc{Cgal}, {C}omputational {G}eometry {A}lgorithms {L}ibrary",
 note  = {http://www.cgal.org/}
}

@Misc{cgns,
 title = "\textsc{CGNS}, {CFD} {G}eneral {N}otation {S}ystem",
 note = {http://cgns.sf.net/},
}

@Misc{boost,
 title = {Boost {C}++ {L}ibraries},
 note = {http://www.boost.org/},
}

@Misc{qt,
 title = "Qt: Cross-platform application and {UI} framework",
 note = {http://qt.nokia.com/},
}

@Misc{xfoil,
 title = "Xfoil, Subsonic airfoil development system",
 note = {http://web.mit.edu/drela/Public/web/xfoil/},
}

@Misc{geomview,
 title = "A general purpose interactive viewing program for {U}nix.",
 note = "http://www.geomview.org/",
}